@article{zaharia2010spark,
  title={Spark: Cluster computing with working sets.},
  author={Zaharia, Matei and Chowdhury, Mosharaf and Franklin, Michael J and Shenker, Scott and Stoica, Ion and others},
  journal={HotCloud},
  volume={10},
  number={10-10},
  pages={95},
  year={2010}
}

@inproceedings{cao2020polardb,
  title={$\{$POLARDB$\}$ meets computational storage: Efficiently support analytical workloads in cloud-native relational database},
  author={Cao, Wei and Liu, Yang and Cheng, Zhushi and Zheng, Ning and Li, Wei and Wu, Wenjie and Ouyang, Linqiang and Wang, Peng and Wang, Yijing and Kuan, Ray and others},
  booktitle={18th $\{$USENIX$\}$ Conference on File and Storage Technologies ($\{$FAST$\}$ 20)},
  pages={29--41},
  year={2020}
}

@book{white2012hadoop,
  title={Hadoop: The definitive guide},
  author={White, Tom},
  year={2012},
  publisher={" O'Reilly Media, Inc."}
}

@misc{parquet,
title={Apache Parquet},
howpublished = {\url{https://parquet.apache.org/}},
organization={Apache Software Foundation}
}

@misc{mysql,
title={MySQL},
howpublished = {\url{https://www.mysql.com/}},
}


@inproceedings{trivedi2018albis,
  title={Albis: High-performance file format for big data systems},
  author={Trivedi, Animesh and Stuedi, Patrick and Pfefferle, Jonas and Schuepbach, Adrian and Metzler, Bernard},
  booktitle={2018 $\{$USENIX$\}$ Annual Technical Conference ($\{$USENIX$\}$$\{$ATC$\}$ 18)},
  pages={615--630},
  year={2018}
}

@inproceedings{weil2007rados,
  title={Rados: a scalable, reliable storage service for petabyte-scale storage clusters},
  author={Weil, Sage A and Leung, Andrew W and Brandt, Scott A and Maltzahn, Carlos},
  booktitle={Proceedings of the 2nd international workshop on Petascale data storage: held in conjunction with Supercomputing'07},
  pages={35--44},
  year={2007}
}

@inproceedings{weil2006ceph,
  title={Ceph: A scalable, high-performance distributed file system},
  author={Weil, Sage A and Brandt, Scott A and Miller, Ethan L and Long, Darrell DE and Maltzahn, Carlos},
  booktitle={Proceedings of the 7th symposium on Operating systems design and implementation},
  pages={307--320},
  year={2006}
}

@book{razzoli2014mastering,
  title={Mastering MariaDB},
  author={Razzoli, Federico},
  year={2014},
  publisher={Packt Publishing Ltd}
}

@article{jo2016yoursql,
  title={YourSQL: a high-performance database system leveraging in-storage computing},
  author={Jo, Insoon and Bae, Duck-Ho and Yoon, Andre S and Kang, Jeong-Uk and Cho, Sangyeun and Lee, Daniel DG and Jeong, Jaeheon},
  journal={Proceedings of the VLDB Endowment},
  volume={9},
  number={12},
  pages={924--935},
  year={2016},
  publisher={VLDB Endowment}
}

@inproceedings{borges2017cephfs,
  title={CephFS: a new generation storage platform for Australian high energy physics},
  author={Borges, Goncalo and Crosby, Sean and Boland, Lucien},
  booktitle={Journal of Physics: Conference Series},
  volume={898},
  number={6},
  pages={062015},
  year={2017},
  organization={IOP Publishing}
}

@article{fpga,
  title={Design and implementation of FPGA-based systems-a review},
  author={Nasri Sulaiman, Zeyad Assi Obaid and Marhaban, MH and Hamidon, MN},
  journal={Australian Journal of Basic and Applied Sciences},
  volume={3},
  number={4},
  pages={3575--3596},
  year={2009}
}

@misc{OracleExadata,
title={Oracle Exadata},
author={Oracle},
howpublished = {\url{https://www.oracle.com/engineered-systems/exadata/
}},
organization={Oracle}
}

@misc{cephwiki,
title={Ceph (software)},
author={Wikipedia},
howpublished = {\url{https://bit.ly/3mkapHU}}
}














%%%%%%%%%%%%%%%% Introduction %%%%%%%%%%%%%%%%
@misc{introstat1,
title={Number of mobile phone users worldwide from 2015 to 2020 (in billions)},
author={Statista},
howpublished = {\url{https://www.statista.com/statistics/871513/worldwide-data-created/}},
note={Accessed:2020-10-08},
organization={Statista}
}
@inproceedings{weil2006crush,
  title={CRUSH: Controlled, scalable, decentralized placement of replicated data},
  author={Weil, Sage A and Brandt, Scott A and Miller, Ethan L and Maltzahn, Carlos},
  booktitle={SC'06: Proceedings of the 2006 ACM/IEEE Conference on Supercomputing},
  pages={31--31},
  year={2006},
  organization={IEEE}
}
@inproceedings{Snowflake,
  title={The snowflake elastic data warehouse},
  author={Dageville, Benoit and Cruanes, Thierry and Zukowski, Marcin and Antonov, Vadim and Avanes, Artin and Bock, Jon and Claybaugh, Jonathan and Engovatov, Daniel and Hentschel, Martin and Huang, Jiansheng and others},
  booktitle={Proceedings of the 2016 International Conference on Management of Data},
  pages={215--226},
  year={2016}
}

@book{Matlab,
year = {2010},
author = {MATLAB},
title = {version 7.10.0 (R2010a)},
publisher = {The MathWorks Inc.},
address = {Natick, Massachusetts}
}

@inproceedings{Dask,
  title={Dask: Parallel computation with blocked algorithms and task scheduling},
  author={Rocklin, Matthew},
  booktitle={Proceedings of the 14th python in science conference},
  volume={126},
  year={2015},
  organization={Citeseer}
}

@article{Azure,
  title={Introducing windows azure},
  author={Chappell, David and others},
  journal={Microsoft, Inc, Tech. Rep},
  year={2009}
}

@misc{Python,
  title={Python},
  author={Van Rossum, Guido and others},
  year={1991}
}

@book{MongoDB,
  title={MongoDB: the definitive guide: powerful and scalable data storage},
  author={Chodorow, Kristina},
  year={2013},
  publisher={" O'Reilly Media, Inc."}
}

%%%%%%%%%%%%%%%% Background %%%%%%%%%%%%%%%%
@misc{SparkDataframeUse,
title={Introducing Apache Spark 3.0},
author={Zaharia, Matei and Xin, Reynold and Li, Xiao and Fan Wenchen and Huai, Yin},
howpublished = {\url{https://databricks.com/blog/2020/06/18/introducing-apache-spark-3-0-now-available-in-databricks-runtime-7-0.html}},
note={Accessed:2020-10-16},
organization={Databricks}
}

%%%%%%%%%%%%%%%% Cool applications of DPS (used in Intro) %%%%%%%%%%%%%%%%
@article{DiseaseOutbreak1,
  title={Determining disease outbreak influence from voluminous epidemiology data on enhanced distributed graph-parallel system},
  author={Shah, Naman},
  journal={2000-2019-CSU Theses and Dissertations},
  year={2017},
  publisher={Colorado State University. Libraries}
}
% Look, a COVID-19 article, how cool!
@article{DiseaseOutbreak2,
  title={A Multi-Dimensional Big Data Storing System for Generated COVID-19 Large-Scale Data using Apache Spark},
  author={Elmeiligy, Manar A and Desouky, Ali I El and Elghamrawy, Sally M},
  journal={arXiv preprint arXiv:2005.05036},
  year={2020}
}

@inproceedings{Crime1,
  title={Spark-based log data analysis for reconstruction of cybercrime events in cloud environment},
  author={Hemdan, Ezz El-Din and Manjaiah, DH},
  booktitle={2017 International Conference on Circuit, Power and Computing Technologies (ICCPCT)},
  pages={1--8},
  year={2017},
  organization={IEEE}
}

@article{StockMarket1,
  title={Deep learning networks for stock market analysis and prediction: Methodology, data representations, and case studies},
  author={Chong, Eunsuk and Han, Chulwoo and Park, Frank C},
  journal={Expert Systems with Applications},
  volume={83},
  pages={187--205},
  year={2017},
  publisher={Elsevier}
}

@article{Medicine1,
  title={--Omic and electronic health record big data analytics for precision medicine},
  author={Wu, Po-Yen and Cheng, Chih-Wen and Kaddi, Chanchala D and Venugopalan, Janani and Hoffman, Ryan and Wang, May D},
  journal={IEEE Transactions on Biomedical Engineering},
  volume={64},
  number={2},
  pages={263--273},
  year={2016},
  publisher={IEEE}
}

%%%%%%%%%%%%%%%% Frameworks with Arrow (used in Intro) %%%%%%%%%%%%%%%%

@inproceedings{SciDB,
  title={Overview of SciDB: large scale array storage, processing and analysis},
  author={Brown, Paul G},
  booktitle={Proceedings of the 2010 ACM SIGMOD International Conference on Management of data},
  pages={963--968},
  year={2010}
}

@inproceedings{Tensorflow,
  title={Tensorflow: A system for large-scale machine learning},
  author={Abadi, Martin and Barham, Paul and Chen, Jianmin and Chen, Zhifeng and Davis, Andy and Dean, Jeffrey and Devin, Matthieu and Ghemawat, Sanjay and Irving, Geoffrey and Isard, Michael and others},
  booktitle={12th $\{$USENIX$\}$ symposium on operating systems design and implementation ($\{$OSDI$\}$ 16)},
  pages={265--283},
  year={2016}
}

@misc{AWSDataWrangler,
title={AWS Data Wrangler},
author={AWS Data Wrangler community},
howpublished = {\url{https://github.com/awslabs/aws-data-wrangler}},
note={Accessed: 2020-11-16},
organization={Amazon AWSlabs}
}

@misc{CuDF,
title={cuDF - GPU DataFrames},
author={cuDF community},
howpublished = {\url{https://github.com/rapidsai/cudf}},
note={Accessed: 2020-11-16},
organization={RAPIDS}
}

%%%%%%%%%%%%%%%% Used Frameworks %%%%%%%%%%%%%%%%

@misc{adoptopenjdk_missioncontrol,
title={AdoptOpenJDK JDK Mission Control},
author={AdoptOpenJDK},
howpublished = {\url{https://adoptopenjdk.net/jmc.html}},
note={Accessed: 2021-02-02},
organization={AdoptOpenJDK}
}
%%%%%%%%%%%%%%%% Cloud Services %%%%%%%%%%%%%%%%
@misc{flatbuffers,
title={Google Flatbuffers},
author={Google},
howpublished = {\url{https://google.github.io/flatbuffers/}},
organization={Google}
}

@misc{feather,
title={Feather: A Fast On-Disk Format for Data Frames for R and Python, powered by Apache Arrow},
author={Hadley Wickham},
howpublished = {\url{https://www.rstudio.com/blog/feather/}},
}

@misc{S3,
title={Amazon S3},
author={Amazon},
howpublished = {\url{https://aws.amazon.com/s3/}},
note={Accessed: 2020-11-16},
organization={Amazon}
}

@misc{librados,
title={Introduction To Librados},
author={Ceph},
howpublished = {\url{https://docs.ceph.com/en/latest/rados/api/librados-intro/
}},
organization={Ceph}
}
@article{woods2014ibex,
  title={Ibex: An intelligent storage engine with support for advanced sql offloading},
  author={Woods, Louis and Istv{\'a}n, Zsolt and Alonso, Gustavo},
  journal={Proceedings of the VLDB Endowment},
  volume={7},
  number={11},
  pages={963--974},
  year={2014},
  publisher={VLDB Endowment}
}
@ARTICLE{iaas,
  author={Moreno-Vozmediano, Rafael and Montero, Rubén S. and Llorente, Ignacio M.},
  journal={Computer}, 
  title={IaaS Cloud Architecture: From Virtualized Datacenters to Federated Cloud Infrastructures}, 
  year={2012},
  volume={45},
  number={12},
  pages={65-72},
  doi={10.1109/MC.2012.76}}

@inproceedings{gupta2015amazon,
  title={Amazon redshift and the case for simpler data warehouses},
  author={Gupta, Anurag and Agarwal, Deepak and Tan, Derek and Kulesza, Jakub and Pathak, Rahul and Stefani, Stefano and Srinivasan, Vidhya},
  booktitle={Proceedings of the 2015 ACM SIGMOD international conference on management of data},
  pages={1917--1923},
  year={2015}
}
@misc{yellowtaxi,
title={NYC Yellow Taxi Trip Record Data},
howpublished = {\url{https://www1.nyc.gov/site/tlc/about/tlc-trip-record-data.page
}}}
@inproceedings{yu2020pushdowndb,
  title={PushdownDB: Accelerating a DBMS using S3 computation},
  author={Yu, Xiangyao and Youill, Matt and Woicik, Matthew and Ghanem, Abdurrahman and Serafini, Marco and Aboulnaga, Ashraf and Stonebraker, Michael},
  booktitle={2020 IEEE 36th International Conference on Data Engineering (ICDE)},
  pages={1802--1805},
  year={2020},
  organization={IEEE}
}
%%%%%%%%%%%%%%%% Columnar/Row Data storage %%%%%%%%%%%%%%%%

@inproceedings{ColumnVSRow,
  title={Column-stores vs. row-stores: how different are they really?},
  author={Abadi, Daniel J and Madden, Samuel R and Hachem, Nabil},
  booktitle={Proceedings of the 2008 ACM SIGMOD international conference on Management of data},
  pages={967--980},
  year={2008}
}
@article{costa2019evaluating,
  title={Evaluating partitioning and bucketing strategies for Hive-based Big Data Warehousing systems},
  author={Costa, Eduarda and Costa, Carlos and Santos, Maribel Yasmina},
  journal={Journal of Big Data},
  volume={6},
  number={1},
  pages={34},
  year={2019},
  publisher={Springer}
}

@inproceedings{do2013query,
  title={Query processing on smart ssds: Opportunities and challenges},
  author={Do, Jaeyoung and Kee, Yang-Suk and Patel, Jignesh M and Park, Chanik and Park, Kwanghyun and DeWitt, David J},
  booktitle={Proceedings of the 2013 ACM SIGMOD International Conference on Management of Data},
  pages={1221--1230},
  year={2013}
}
@inproceedings{xu2015performance,
  title={Performance analysis of NVMe SSDs and their implication on real world databases},
  author={Xu, Qiumin and Siyamwala, Huzefa and Ghosh, Mrinmoy and Suri, Tameesh and Awasthi, Manu and Guz, Zvika and Shayesteh, Anahita and Balakrishnan, Vijay},
  booktitle={Proceedings of the 8th ACM International Systems and Storage Conference},
  pages={1--11},
  year={2015}
}
@book{ModernColumn,
  title={The design and implementation of modern column-oriented database systems},
  author={Abadi, Daniel and Boncz, Peter and Amiato, Stavros Harizopoulos and Idreos, Stratos and Madden, Samuel},
  year={2013},
  publisher={Now Hanover, Mass.}
}

@article{MonetDB,
  title={Monetdb: Two decades of research in column-oriented database},
  author={Idreos, S and Groffen, F and Nes, N and Manegold, S and Mullender, S and Kersten, M},
  journal={IEEE Data Engineering Bulletin},
  year={2012},
  publisher={Citeseer}
}



%%%%%%%%%%%%%%%% Programming languages %%%%%%%%%%%%%%%%

@misc{Scala,
title={The Scala Programming Language},
author={Odersky, Martin},
howpublished = {\url{https://www.scala-lang.org/}},
note={Accessed: 2020-11-08},
organization={Programming Methods Laboratory of École polytechnique fédérale de Lausanne}
}


@misc{swift,
title={OpenStack Swift Storlet Engine Overview},
author={OpenStack},
howpublished = {\url{https://docs.openstack.org/storlets/latest/}},
organization={OpenStack}
}


%Swift storelet engine overview documentation: https://docs.
%openstack.org/storlets/latest/storlet_engine_overview.html.

@inproceedings{liang2020daos,
  title={DAOS: A Scale-Out High Performance Storage Stack for Storage Class Memory},
  author={Liang, Zhen and Lombardi, Johann and Chaarawi, Mohamad and Hennecke, Michael},
  booktitle={Asian Conference on Supercomputing Frontiers},
  pages={40--54},
  year={2020},
  organization={Springer}
}

%%%%%%%%%%%%%%%% Being friendly to people whose work I use (be sure to use these citations) %%%%%%%%%%%%%%%%
% Cloudlab
@inproceedings{Duplyakin+:ATC19,
    title     = "The Design and Operation of {CloudLab}",
    author    = "Dmitry Duplyakin and Robert Ricci and Aleksander Maricq and Gary Wong and Jonathon Duerig and Eric Eide and Leigh Stoller and Mike Hibler and David Johnson and Kirk Webb and Aditya Akella and Kuangching Wang and Glenn Ricart and Larry Landweber and Chip Elliott and Michael Zink and Emmanuel Cecchet and Snigdhaswin Kar and Prabodh Mishra",
    booktitle = "Proceedings of the {USENIX} Annual Technical Conference (ATC)",
    pages     = "1--14",
    year      = 2019,
    month     = jul,
    url       = "https://www.flux.utah.edu/paper/duplyakin-atc19"
}
% JNI Arrow Dataset implementation
@misc{JNI_arrow,
title={ARROW-7808: [Java][Dataset] Implement Dataset Java API by JNI to C++},
author={Zhang, Hongze},
howpublished = {\url{https://github.com/zhztheplayer/arrow-1/tree/ARROW-7808}},
note={Accessed: 2020-09-14},
organization={Github, Apache Arrow community}
}
@misc{MongoDB_Spark,
title={Apache Spark Connector for MongoDB},
author={Lawley, Ross},
howpublished = {\url{https://www.slideshare.net/mongodb/how-to-connect-spark-to-your-own-datasource}, \url{https://databricks.com/blog/2015/03/20/using-mongodb-with-spark.html}},
note={Accessed: 2020-11-06},
organization={MongoDB}
}

@misc{intelbigdata,
title={Optimized Analytics Package for Spark Platform (OAP)},
author={Intel Corporation},
howpublished = {\url{https://github.com/Intel-bigdata/OAP
}},
note={Accessed: 2021-01-15},
organization={Github, Intel Corporation}
}


@article{bal2016medium,
  title={A medium-scale distributed system for computer science research: Infrastructure for the long term},
  author={Bal, Henri and Epema, Dick and de Laat, Cees and van Nieuwpoort, Rob and Romein, John and Seinstra, Frank and Snoek, Cees and Wijshoff, Harry},
  journal={Computer},
  volume={49},
  number={5},
  pages={54--63},
  year={2016},
  publisher={IEEE}
}

% Spark CSV parser
@misc{univocity,
title={univocity-parsers},
author={The univocity team},
howpublished = {\url{https://github.com/uniVocity/univocity-parsers
}},
note={Accessed: 2021-02-01},
organization={Github, uniVocity}
}


%%%%%%%%%%%%%%%% Used frameworks %%%%%%%%%%%%%%%%
% Spark
@article{Spark,
  title={Spark: Cluster computing with working sets.},
  author={Zaharia, Matei and Chowdhury, Mosharaf and Franklin, Michael J and Shenker, Scott and Stoica, Ion and others},
  journal={HotCloud},
  volume={10},
  number={10-10},
  pages={95},
  year={2010}
}

% Spark SQL
@inproceedings{SparkSQL,
  title={Spark sql: Relational data processing in spark},
  author={Armbrust, Michael and Xin, Reynold S and Lian, Cheng and Huai, Yin and Liu, Davies and Bradley, Joseph K and Meng, Xiangrui and Kaftan, Tomer and Franklin, Michael J and Ghodsi, Ali and others},
  booktitle={Proceedings of the 2015 ACM SIGMOD international conference on management of data},
  pages={1383--1394},
  year={2015}
}

% SkyhookDM
@MISC{SkyhookDM,
author = {Jeff LeFevre},
title = {Skyhook Data Management},
month = aug,
year = {2020},
howpublished={\url{https://skyhookdm.com/}}
}
@inproceedings{adams2021enabling,
  title={Enabling near-data processing in distributed object storage systems},
  author={Adams, Ian F and Agrawal, Neha and Mesnier, Michael P},
  booktitle={Proceedings of the 13th ACM Workshop on Hot Topics in Storage and File Systems},
  pages={28--34},
  year={2021}
}
@misc{prometheus,
title = {Prometheus},
howpublished={\url{https://prometheus.io/}}
}


% Ceph
@inproceedings{Ceph,
author = {Weil, Sage A. and Brandt, Scott A. and Miller, Ethan L. and Long, Darrell D. E. and Maltzahn, Carlos},
title = {Ceph: A Scalable, High-Performance Distributed File System},
year = {2006},
isbn = {1931971471},
publisher = {USENIX Association},
address = {USA},
booktitle = {Proceedings of the 7th Symposium on Operating Systems Design and Implementation},
pages = {307–320},
numpages = {14},
location = {Seattle, Washington},
series = {OSDI ’06}
}

% Arrow
@misc{Arrow,
author = {Arrow Development Team}, 
title = {Apache Arrow},
year = {2018},
month = {10},
howpublished = {\url{https://arrow.apache.org}}
}

@misc{s3select,
author = {Randall Hunt}, 
title = {S3 Select and Glacier Select – Retrieving Subsets of Objects
},
year = {2017},
month = {11},
howpublished = {\url{https://aws.amazon.com/blogs/aws/s3-glacier-select/
}}
}

@article{borthakur2007hadoop,
  title={The hadoop distributed file system: Architecture and design},
  author={Borthakur, Dhruba},
  journal={Hadoop Project Website},
  volume={11},
  number={2007},
  pages={21},
  year={2007}
}

@misc{middlewaredaos,
author = {Intel},
title = {DAOS Client APIs, Tools and I/O Middleware},
howpublished = {\url{https://github.com/daos-stack/daos/blob/master/src/README.md\#client-apis-tools-and-io-middleware}},
organization={Intel}
}


@misc{storelets,
author = {OpenStack},
title = {Storlet's Documentation},
howpublished = {\url{https://docs.openstack.org/storlets/latest/}},
organization={OpenStack}
}

%%%%%%%%%%%%%%%% Relevant Frameworks %%%%%%%%%%%%%%%%
% Arrow Datasets Docs
@misc{ArrowDatasetDocs,
title = {Arrow Dataset API}, 
howpublished = {\url{https://arrow.apache.org/docs/python/dataset.html}},
organization={Apache Software Foundation}
}

@misc{skyhookinarrow,
title = {Skyhook in Apache Arrow}, 
howpublished = {\url{https://git.io/JDuxJ}},
organization={Apache Software Foundation}
}

@misc{ArrowFileFormat,
title = {Arrow File Format}, 
howpublished = {\url{https://arrow.apache.org/docs/cpp/api/dataset.html#file-formats}},
organization={Apache Software Foundation}
}

@misc{objectclasssdk,
title = {Ceph Object Class SDK}, 
howpublished = {\url{https://docs.ceph.com/en/latest/rados/api/objclass-sdk/\#sdk-for-ceph-object-classes
}},
organization={Ceph}
}

@misc{hdfsblocksize,
title = {HDFS Block Size}, 
howpublished = {\url{http://hadoop.apache.org/docs/r3.0.0/hadoop-project-dist/hadoop-hdfs/HdfsDesign.html}},
organization={Apache Software Foundation}
}


@software{Hadoop,
  author = {{Apache Software Foundation}},
  title = {Hadoop},
  url = {https://hadoop.apache.org},
  version = {0.20.2},
  date = {2010-02-19},
}

@inproceedings{HDFS,
  title={The hadoop distributed file system},
  author={Shvachko, Konstantin and Kuang, Hairong and Radia, Sanjay and Chansler, Robert},
  booktitle={2010 IEEE 26th symposium on mass storage systems and technologies (MSST)},
  pages={1--10},
  year={2010},
  organization={Ieee}
}

@inproceedings{Ray,
author = {Moritz, Philipp and Nishihara, Robert and Wang, Stephanie and Tumanov, Alexey and Liaw, Richard and Liang, Eric and Elibol, Melih and Yang, Zongheng and Paul, William and Jordan, Michael I. and Stoica, Ion},
title = {Ray: A Distributed Framework for Emerging AI Applications},
year = {2018},
isbn = {9781931971478},
publisher = {USENIX Association},
address = {USA},
abstract = {The next generation of AI applications will continuously interact with the environment and learn from these interactions. These applications impose new and demanding systems requirements, both in terms of performance and flexibility. In this paper, we consider these requirements and present Ray--a distributed system to address them. Ray implements a unified interface that can express both task-parallel and actor-based computations, supported by a single dynamic execution engine. To meet the performance requirements, Ray employs a distributed scheduler and a distributed and fault-tolerant store to manage the system's control state. In our experiments, we demonstrate scaling beyond 1.8 million tasks per second and better performance than existing specialized systems for several challenging reinforcement learning applications.},
booktitle = {Proceedings of the 13th USENIX Conference on Operating Systems Design and Implementation},
pages = {561–577},
numpages = {17},
location = {Carlsbad, CA, USA},
series = {OSDI'18}
}

@INPROCEEDINGS{Kafka,
  author={R. {Shree} and T. {Choudhury} and S. C. {Gupta} and P. {Kumar}},
  booktitle={2017 2nd International Conference on Telecommunication and Networks (TEL-NET)}, 
  title={KAFKA: The modern platform for data management and analysis in big data domain}, 
  year={2017},
  volume={},
  number={},
  pages={1-5},
  doi={10.1109/TEL-NET.2017.8343593}}

 @misc{CloudDataflow, title={Google Cloud Dataflow}, url={https://cloud.google.com/dataflow/}, journal={Google}, publisher={Google}, year={2015}}
 
 @article{Flink,
  title={Apache flink: Stream and batch processing in a single engine},
  author={Carbone, Paris and Katsifodimos, Asterios and Ewen, Stephan and Markl, Volker and Haridi, Seif and Tzoumas, Kostas},
  journal={Bulletin of the IEEE Computer Society Technical Committee on Data Engineering},
  volume={36},
  number={4},
  year={2015},
  publisher={IEEE Computer Society}
}

@article{IBMEventStreams,
  title={IBM streams processing language: Analyzing big data in motion},
  author={Hirzel, Martin and Andrade, Henrique and Gedik, Bugra and Jacques-Silva, Gabriela and Khandekar, Rohit and Kumar, Vibhore and Mendell, Mark and Nasgaard, Howard and Schneider, Scott and Soul{\'e}, Robert and others},
  journal={IBM Journal of Research and Development},
  volume={57},
  number={3/4},
  pages={7--1},
  year={2013},
  publisher={IBM}
}

@inproceedings{Graphx,
  title={Graphx: A resilient distributed graph system on spark},
  author={Xin, Reynold S and Gonzalez, Joseph E and Franklin, Michael J and Stoica, Ion},
  booktitle={First international workshop on graph data management experiences and systems},
  pages={1--6},
  year={2013}
}

@article{Storm,
  title={Big data analysis: Apache storm perspective},
  author={Iqbal, Muhammad Hussain and Soomro, Tariq Rahim},
  journal={International journal of computer trends and technology},
  volume={19},
  number={1},
  pages={9--14},
  year={2015}
}


%%%%%%%%%%%%%%%% Columnar Data Formats %%%%%%%%%%%%%%%%

@article{ColumnOrigin,
  title={Breaking the memory wall in MonetDB},
  author={Boncz, Peter A and Kersten, Martin L and Manegold, Stefan},
  journal={Communications of the ACM},
  volume={51},
  number={12},
  pages={77--85},
  year={2008},
  publisher={ACM New York, NY, USA}
}

@inproceedings{singh2011introduction,
  title={Introduction to the IBM Netezza warehouse appliance},
  author={Singh, Malcolm and Leonhardi, Ben},
  booktitle={Proceedings of the 2011 Conference of the Center for Advanced Studies on Collaborative Research},
  pages={385--386},
  year={2011}
}

@misc{Avro,
title={Apache Avro},
author={Apache},
howpublished = {\url{https://avro.apache.org/}},
organization={Apache Software Foundation}
}

@misc{Orc,
  title={Apache ORC: High-Performance Columnar Storage for Hadoop},
  organization={Apache Software Foundation},
  year={2018}
}

@misc{skyhookinarrowblog,
title = {Skyhook: Bringing Computation to Storage with Apache Arrow},
howpublished = {\url{https://arrow.apache.org/blog/2022/01/31/skyhook-bringing-computation-to-storage-with-apache-arrow/}},
organization={Apache Arrow}
}

@inproceedings{Albis,
  title={Albis: High-performance file format for big data systems},
  author={Trivedi, Animesh and Stuedi, Patrick and Pfefferle, Jonas and Schuepbach, Adrian and Metzler, Bernard},
  booktitle={2018 USENIX Annual Technical Conference (USENIX ATC 18)},
  pages={615--630},
  year={2018}
}

%%%%%%%%%%%%%%%% hardware %%%%%%%%%%%%%%%%

@article{infiniband,
  title={An introduction to the infiniband architecture},
  author={Pfister, Gregory F},
  journal={High performance mass storage and parallel I/O},
  volume={42},
  number={617-632},
  pages={10},
  year={2001}
}

@inproceedings{duckdb,
  title={Data Management for Data Science-Towards Embedded Analytics.},
  author={Raasveldt, Mark and M{\"u}hleisen, Hannes},
  booktitle={CIDR},
  year={2020}
}


@misc{gandiva,
  title={Gandiva: A LLVM-based Analytical Expression Compiler for Apache Arrow},
  organization={Apache Arrow},
  howpublished={\url{https://arrow.apache.org/blog/2018/12/05/gandiva-donation/}},
  year={2018}
}

@misc{flight,
  title={Introducing Apache Arrow Flight: A Framework for Fast Data Transport},
  organization={Apache Arrow},
  howpublished={\url{https://arrow.apache.org/blog/2019/10/13/introducing-arrow-flight/}},
  year={2019}
}



@article{jc2022skyhook,
  title={Skyhook: Towards an Arrow-Native Storage System},
  author={Jayjeet Chakraborty and Ivo Jimenez and Sebastiaan Alvarez Rodriguez and Alexandru Uta and Jeff LeFevre and Carlos Maltzahn},
  journal={CCGrid},
  year={2022}
}

@inproceedings{dageville2016snowflake,
  title={The snowflake elastic data warehouse},
  author={Dageville, Benoit and Cruanes, Thierry and Zukowski, Marcin and Antonov, Vadim and Avanes, Artin and Bock, Jon and Claybaugh, Jonathan and Engovatov, Daniel and Hentschel, Martin and Huang, Jiansheng and others},
  booktitle={Proceedings of the 2016 International Conference on Management of Data},
  pages={215--226},
  year={2016}
}

@incollection{krishnan2015google,
  title={Google BigQuery},
  author={Krishnan, SPT and Gonzalez, Jose L Ugia},
  booktitle={Building Your Next Big Thing with Google Cloud Platform},
  pages={235--253},
  year={2015},
  publisher={Springer}
}

@inproceedings{sethi2019presto,
  title={Presto: SQL on everything},
  author={Sethi, Raghav and Traverso, Martin and Sundstrom, Dain and Phillips, David and Xie, Wenlei and Sun, Yutian and Yegitbasi, Nezih and Jin, Haozhun and Hwang, Eric and Shingte, Nileema and others},
  booktitle={2019 IEEE 35th International Conference on Data Engineering (ICDE)},
  pages={1802--1813},
  year={2019},
  organization={IEEE}
}

@article{tpch,
  title={Quantifying TPC-H choke points and their optimizations},
  author={Dreseler, Markus and Boissier, Martin and Rabl, Tilmann and Uflacker, Matthias},
  journal={Proceedings of the VLDB Endowment},
  volume={13},
  number={8},
  pages={1206--1220},
  year={2020},
  publisher={VLDB Endowment}
}

@article{gregg2016flame,
  title={The flame graph},
  author={Gregg, Brendan},
  journal={Communications of the ACM},
  volume={59},
  number={6},
  pages={48--57},
  year={2016},
  publisher={ACM New York, NY, USA}
}
@inproceedings{janet2016optimizing,
  title={Optimizing data movement within cloud environment using efficient compression techniques},
  author={Janet, J and Balakrishnan, S and Prasad, E Reddy},
  booktitle={2016 International Conference on Information Communication and Embedded Systems (ICICES)},
  pages={1--5},
  year={2016},
  organization={IEEE}
}

@article{chakraborty2022skyhook,
  title={Skyhook: Towards an Arrow-Native Storage System},
  author={Chakraborty, Jayjeet and Jimenez, Ivo and Rodriguez, Sebastiaan Alvarez and Uta, Alexandru and LeFevre, Jeff and Maltzahn, Carlos},
  journal={arXiv preprint arXiv:2204.06074},
  year={2022}
}

